@article{Nastide2010,
	author = {Nastide, Marian and Costa, D A and Livre, T and Costa, Roseane Nastide and Batista, Eulidio Mota and Ferreira, Doralice and Silva, D A and Henrique, Josefa},
	isbn = {0521598389},
	number = {4},
	pages = {31--33},
	title = {{Shared-Memory Optimizations for Inter-Virtual-Machine Communication}},
	volume = {48},
	year = {2010}
}
